% This file was created with JabRef 2.4.1.
% Encoding: UTF8

@incollection{krarup,
year={1975},
isbn={978-94-011-7559-3},
booktitle={Combinatorial Programming: Methods and Applications},
volume={19},
series={NATO Advanced Study Institutes Series},
editor={Roy, B.},
doi={10.1007/978-94-011-7557-9_8},
title={The Peripatetic Salesman and Some Related Unsolved Problems},
url={http://dx.doi.org/10.1007/978-94-011-7557-9_8},
publisher={Springer Netherlands},
author={Krarup, Jakob},
pages={173-178},
language={English}
}

@inproceedings{Held,
 author = {Held, Michael and Karp, Richard M.},
 title = {A dynamic programming approach to sequencing problems},
 booktitle = {Proceedings of the 1961 16th ACM national meeting},
 series = {ACM '61},
 year = {1961},
 pages = {71.201--71.204},
 numpages = {1.003},
 url = {http://doi.acm.org/10.1145/800029.808532},
 doi = {10.1145/800029.808532},
 acmid = {808532},
 publisher = {ACM},
 address = {New York, NY, USA},
}

@comment{jabref-meta: selector_publisher:}

@comment{jabref-meta: selector_author:}

@comment{jabref-meta: selector_journal:}

@comment{jabref-meta: selector_keywords:}

